<?xml version="1.0" encoding="UTF-8"?><collection xmlns="http://www.loc.gov/MARC21/slim"><record><leader>00415nam--2200121-i-4500</leader><controlfield tag="001">000028015</controlfield><controlfield tag="002">20161230</controlfield><controlfield tag="005">20161230201037</controlfield><controlfield tag="008">060222s1000------------r-----000-0-eng-d</controlfield><datafield ind1=" " ind2=" " tag="100"><subfield code="a">Legat, Wilhelm Und Trey, Fr</subfield></datafield><datafield ind1=" " ind2=" " tag="245"><subfield code="a">Einfuhrung indie untersuchung der kristallgitter mit rontgenstrahlen. eine elementare darlegung der methoden mit aufgaben</subfield></datafield><datafield ind1=" " ind2=" " tag="260"><subfield code="a">Wien, Springer-verlag, 1954, Vi + 112p.Cu Fig</subfield></datafield><datafield ind1=" " ind2=" " tag="852"><subfield code="a">11631</subfield></datafield></record></collection>